<record><leader>00000cas a22000007a 4500</leader><controlfield tag="001">16170973</controlfield><controlfield tag="008">870714d19uu1921msuwr ne      0    0eng d</controlfield><datafield ind1=" " ind2=" " tag="010"><subfield code="a">sn 87065550 </subfield></datafield><datafield ind1=" " ind2=" " tag="040"><subfield code="a">MJA</subfield><subfield code="b">eng</subfield><subfield code="c">MJA</subfield><subfield code="d">MSJ</subfield><subfield code="d">OCLCQ</subfield></datafield><datafield ind1=" " ind2=" " tag="042"><subfield code="a">msc</subfield></datafield><datafield ind1="0" ind2="4" tag="245"><subfield code="a">The Dixie herald.</subfield></datafield><datafield ind1=" " ind2=" " tag="260"><subfield code="a">Pittsboro, Miss. :</subfield><subfield code="b">[s.n.],</subfield><subfield code="c">-1921.</subfield></datafield><datafield ind1=" " ind2=" " tag="310"><subfield code="a">Weekly</subfield></datafield><datafield ind1="0" ind2=" " tag="362"><subfield code="a">-v. 18, no. 34 (Oct. 6, 1921).</subfield></datafield><datafield ind1=" " ind2=" " tag="500"><subfield code="a">Published in Pittsboro, &lt;Apr. 5, 1906-Dec. 17, 1908&gt;; in Calhoun City, Miss. thereafter.</subfield></datafield><datafield ind1=" " ind2=" " tag="588"><subfield code="a">Description based on: Vol. 3, no. 15 (Apr. 5, 1906).</subfield></datafield><datafield ind1=" " ind2=" " tag="752"><subfield code="a">United States</subfield><subfield code="b">Mississippi</subfield><subfield code="c">Calhoun</subfield><subfield code="d">Pittsboro.</subfield></datafield><datafield ind1=" " ind2=" " tag="752"><subfield code="a">United States</subfield><subfield code="b">Mississippi</subfield><subfield code="c">Calhoun</subfield><subfield code="d">Calhoun City.</subfield></datafield><datafield ind1="0" ind2="7" tag="785"><subfield code="t">Calhoun Monitor</subfield><subfield code="w">(OCoLC)16258206</subfield></datafield><datafield ind1="0" ind2="7" tag="785"><subfield code="t">Monitor-herald</subfield><subfield code="w">(OCoLC)14817973</subfield></datafield></record>